@inproceedings{Gardner:2012,
 author = {Gardner, Philippa Anne and Maffeis, Sergio and Smith, Gareth David},
 title = {Towards a Program Logic for JavaScript},
 booktitle = {Proceedings of the 39th Annual ACM SIGPLAN-SIGACT Symposium on Principles of Programming Languages},
 series = {POPL '12},
 year = {2012},
 isbn = {978-1-4503-1083-3},
 location = {Philadelphia, PA, USA},
 pages = {31--44},
 numpages = {14},
 url = {http://doi.acm.org/10.1145/2103656.2103663},
 doi = {10.1145/2103656.2103663},
 acmid = {2103663},
 publisher = {ACM},
 address = {New York, NY, USA},
 keywords = {javascript, separation logic, web},
} 

@inproceedings{Politz:2012,
 author = {Politz, Joe Gibbs and Carroll, Matthew J. and Lerner, Benjamin S. and Pombrio, Justin and Krishnamurthi, Shriram},
 title = {A Tested Semantics for Getters, Setters, and Eval in JavaScript},
 booktitle = {Proceedings of the 8th Symposium on Dynamic Languages},
 series = {DLS '12},
 year = {2012},
 isbn = {978-1-4503-1564-7},
 location = {Tucson, Arizona, USA},
 pages = {1--16},
 numpages = {16},
 url = {http://doi.acm.org/10.1145/2384577.2384579},
 doi = {10.1145/2384577.2384579},
 acmid = {2384579},
 publisher = {ACM},
 address = {New York, NY, USA},
 keywords = {LambdaJS, accessors, desugar, eval, getters, javascript, setters, wat},
} 

@inproceedings{Bodin:2014,
 author = {Bodin, Martin and Chargueraud, Arthur and Filaretti, Daniele and Gardner, Philippa and Maffeis, Sergio and Naudziuniene, Daiva and Schmitt, Alan and Smith, Gareth},
 title = {A Trusted Mechanised JavaScript Specification},
 booktitle = {Proceedings of the 41st ACM SIGPLAN-SIGACT Symposium on Principles of Programming Languages},
 series = {POPL '14},
 year = {2014},
 isbn = {978-1-4503-2544-8},
 location = {San Diego, California, USA},
 pages = {87--100},
 numpages = {14},
 url = {http://doi.acm.org/10.1145/2535838.2535876},
 doi = {10.1145/2535838.2535876},
 acmid = {2535876},
 publisher = {ACM},
 address = {New York, NY, USA},
 keywords = {coq, javascript, mechanised semantics},
}

@inproceedings{Park:2015,
 author = {Park, Daejun and Stef\u{a}nescu, Andrei and Ro\c{s}u, Grigore},
 title = {KJS: A Complete Formal Semantics of JavaScript},
 booktitle = {Proceedings of the 36th ACM SIGPLAN Conference on Programming Language Design and Implementation},
 series = {PLDI 2015},
 year = {2015},
 isbn = {978-1-4503-3468-6},
 location = {Portland, OR, USA},
 pages = {346--356},
 numpages = {11},
 url = {http://doi.acm.org/10.1145/2737924.2737991},
 doi = {10.1145/2737924.2737991},
 acmid = {2737991},
 publisher = {ACM},
 address = {New York, NY, USA},
 keywords = {JavaScript, K framework, mechanized semantics},
} 

@inproceedings{Ellison:2012,
 author = {Ellison, Chucky and Rosu, Grigore},
 title = {An Executable Formal Semantics of C with Applications},
 booktitle = {Proceedings of the 39th Annual ACM SIGPLAN-SIGACT Symposium on Principles of Programming Languages},
 series = {POPL '12},
 year = {2012},
 isbn = {978-1-4503-1083-3},
 location = {Philadelphia, PA, USA},
 pages = {533--544},
 numpages = {12},
 url = {http://doi.acm.org/10.1145/2103656.2103719},
 doi = {10.1145/2103656.2103719},
 acmid = {2103719},
 publisher = {ACM},
 address = {New York, NY, USA},
 keywords = {C, k, semantics},
} 

@inproceedings{Lee:2007,
 author = {Lee, Daniel K. and Crary, Karl and Harper, Robert},
 title = {Towards a Mechanized Metatheory of Standard ML},
 booktitle = {Proceedings of the 34th Annual ACM SIGPLAN-SIGACT Symposium on Principles of Programming Languages},
 series = {POPL '07},
 year = {2007},
 isbn = {1-59593-575-4},
 location = {Nice, France},
 pages = {173--184},
 numpages = {12},
 url = {http://doi.acm.org/10.1145/1190216.1190245},
 doi = {10.1145/1190216.1190245},
 acmid = {1190245},
 publisher = {ACM},
 address = {New York, NY, USA},
 keywords = {language definitions, logical frameworks, mechanized metatheory, standard ML, twelf, type safety},
} 

@book{EcmaScript,
  added-at = {2012-10-14T23:50:22.000+0200},
  author = {{ECMA International}},
  biburl = {http://www.bibsonomy.org/bibtex/2a9b23a5e720836b2505b7aac7fdc4638/gron},
  edition = {5.1},
  interhash = {b179dfe8f7ed6ef5ad2a2c4705d88de6},
  intrahash = {a9b23a5e720836b2505b7aac7fdc4638},
  keywords = {ECMA JavaScript Specification Standard},
  month = {June},
  timestamp = {2012-10-14T23:50:23.000+0200},
  title = {Standard ECMA-262 - ECMAScript Language Specification},
  url = {http://www.ecma-international.org/publications/standards/Ecma-262.htm},
  year = 2011
}

@book{international2015ecmascript,
  added-at = {2016-04-17T18:30:32.000+0200},
  address = {Geneva},
  author = {{ECMA International}},
  biburl = {http://www.bibsonomy.org/bibtex/28d67e2ebf933f3b6f684fcfb1f53b020/ripe},
  edition = {6th},
  interhash = {8212a5bb4b7ac3137534f10d599cb526},
  intrahash = {8d67e2ebf933f3b6f684fcfb1f53b020},
  keywords = {ecmascript},
  timestamp = {2016-04-17T18:30:32.000+0200},
  title = {ECMAScript 2015
Language Specification},
  url = {http://www.ecma-international.org/ecma-262/6.0/ECMA-262.pdf},
  year = 2015
}

@incollection{Harper:2000,
 author = {Harper, Robert and Stone, Christopher},
 chapter = {A Type-theoretic Interpretation of Standard ML},
 title = {Proof, Language, and Interaction},
 editor = {Plotkin, Gordon and Stirling, Colin and Tofte, Mads},
 year = {2000},
 isbn = {0-262-16188-5},
 pages = {341--387},
 numpages = {47},
 url = {http://dl.acm.org/citation.cfm?id=345868.345906},
 acmid = {345906},
 publisher = {MIT Press},
 address = {Cambridge, MA, USA},
} 

@article{Harper:1993,
 author = {Harper, Robert and Honsell, Furio and Plotkin, Gordon},
 title = {A Framework for Defining Logics},
 journal = {J. ACM},
 issue_date = {Jan. 1993},
 volume = {40},
 number = {1},
 month = jan,
 year = {1993},
 issn = {0004-5411},
 pages = {143--184},
 numpages = {42},
 url = {http://doi.acm.org/10.1145/138027.138060},
 doi = {10.1145/138027.138060},
 acmid = {138060},
 publisher = {ACM},
 address = {New York, NY, USA},
 keywords = {formal systems, interactive theorem proving, proof checking, typed lambda calculus},
} 

@Manual{Pfenning98guide,
  title = 	 "Twelf User's Guide",
  author = 	 "Frank Pfenning and Carsten Sch{\"u}rmann",
  edition =	 "1.2",
  year =	 1998,
  month =	 sep,
  keywords =	 "LF, Elf",
  note =	 "Available as Technical Report CMU-CS-98-173, Carnegie
		  Mellon University",
  urlhtml =	 "http://www.cs.cmu.edu/~twelf/guide"
}

@article{KleinN-TOPLAS,
author={Gerwin Klein and Tobias Nipkow},
title={A Machine-Checked Model for a {Java}-Like Language, Virtual Machine and Compiler},
journal=TOPLAS,volume = {28}, number = {4}, year = {2006}, pages = {619--695},
doi = {http://doi.acm.org/10.1145/1146809.1146811}}

@Article{Paulson1989,
author="Paulson, Lawrence C.",
title="The foundation of a generic theorem prover",
journal="Journal of Automated Reasoning",
year="1989",
volume="5",
number="3",
pages="363--397",
abstract="Isabelle [28, 30] is an interactive theorem prover that supports a variety of logics. It represents rules as propositions (not as functions) and builds proofs by combining rules. These operations constitute a meta-logic (or `logical framework') in which the object-logics are formalized. Isabelle is now based on higher-order logic-a precise and well-understood foundation.",
issn="1573-0670",
doi="10.1007/BF00248324",
url="http://dx.doi.org/10.1007/BF00248324"
}

@inbook{Drossopoulou:1999,
author = {Drossopoulou, S and Eisenbach, S},
booktitle = {Formal Syntax and Semantics of Java},
publisher = {Springer-Verlag},
title = {Towards an Operational Semantics and Proof of Type Soundness for Java},
year = {1999}
}

@MISC{Livshits:2016:Misc,
author = {Livshits, Ben},
title = {{JSIR -- an intermediate representation for JavaScript analysis}},
month = May,
year = {2016},
url = {https://github.com/too4words/jsir}
}

@inproceedings{Gurevich:1992,
 author = {Gurevich, Yuri and Huggins, James K.},
 title = {The Semantics of the C Programming Language},
 booktitle = {Selected Papers from the Workshop on Computer Science Logic},
 series = {CSL '92},
 year = {1993},
 isbn = {3-540-56992-8},
 pages = {274--308},
 numpages = {35},
 url = {http://dl.acm.org/citation.cfm?id=647842.736414},
 acmid = {736414},
 publisher = {Springer-Verlag},
 address = {London, UK, UK},
} 

@techreport{norrish:1998,
	author = {Norrish, Michael},
	institution = {University of Cambridge - Computer Laboratory},
	title = {C formalised in HOL},
	number = {UCAM-CL-TR-453},
	month = {December},
	year = {1998}
}

@InCollection{PittsAM:opespe,
  author =	 {A. M. Pitts},
  title =	 {Operational Semantics and Program Equivalence},
  booktitle =	 {Applied Semantics, Advanced Lectures},
  pages =	 {378--412},
  publisher =	 {Springer-Verlag},
  year =	 2002,
  editor =	 {G. Barthe and P. Dybjer and J. Saraiva},
  volume =	 2395,
  series =	 {Lecture Notes in Computer Science, Tutorial},
  note =	 {International Summer School, {APPSEM} 2000, Caminha,
                  Portugal, September 9--15, 2000},
  isbn =	 {3-540-44044-5}
}

@book{Clavel:2007,
 author = {Clavel, Manuel and Dur\'{a}n, Francisco and Eker, Steven and Lincoln, Patrick and Mart\'{\i}-Oliet, Narciso and Meseguer, Jos{\'e} and Talcott, Carolyn},
 title = {All About Maude - a High-performance Logical Framework: How to Specify, Program and Verify Systems in Rewriting Logic},
 year = {2007},
 isbn = {3-540-71940-7, 978-3-540-71940-3},
 publisher = {Springer-Verlag},
 address = {Berlin, Heidelberg},
} 

@article{rosu-serbanuta-2010-jlap,
  title={An Overview of the {K} Semantic Framework},
  author={Grigore Ro{\c s}u and Traian Florin {\c S}erb{\u a}nu{\c t}{\u a} },
  journal={Journal of Logic and Algebraic Programming},
  volume={79},
  number={6},
  pages={397--434},
  year={2010},
  ee={http://dx.doi.org/10.1016/j.jlap.2010.03.012},
  doi={10.1016/j.jlap.2010.03.012},
}

@techreport{k-primer-2013-v32,
    author = "{\c S}erb{\u a}nu{\c t}a, Traian Florin and Arusoaie, Andrei and Lazar, David and Ellison, Chucky and Lucanu, Dorel and Ro{\c s}u, Grigore",
    title = "The {K} Primer (version 3.2)"
}

@inproceedings{Guha:2010,
 author = {Guha, Arjun and Saftoiu, Claudiu and Krishnamurthi, Shriram},
 title = {The Essence of Javascript},
 booktitle = {Proceedings of the 24th European Conference on Object-oriented Programming},
 series = {ECOOP'10},
 year = {2010},
 isbn = {3-642-14106-4, 978-3-642-14106-5},
 location = {Maribor, Slovenia},
 pages = {126--150},
 numpages = {25},
 url = {http://dl.acm.org/citation.cfm?id=1883978.1883988},
 acmid = {1883988},
 publisher = {Springer-Verlag},
 address = {Berlin, Heidelberg},
} 

@misc{Lecture2,
  Author = {Gardner, Phillipa},
  Institution = {Imperial College London},
  Howpublished = {University Lecture},
  url = {https://www.doc.ic.ac.uk/~pg/Computation/lecture2.pdf},
  Year = {2010},
  Title = {Models of Computation, Lecture 2}
}

@inproceedings{Maffeis:2008,
 author = {Maffeis, Sergio and Mitchell, John C. and Taly, Ankur},
 title = {An Operational Semantics for JavaScript},
 booktitle = {Proceedings of the 6th Asian Symposium on Programming Languages and Systems},
 series = {APLAS '08},
 year = {2008},
 isbn = {978-3-540-89329-5},
 location = {Bangalore, India},
 pages = {307--325},
 numpages = {19},
 url = {http://dx.doi.org/10.1007/978-3-540-89330-1_22},
 doi = {10.1007/978-3-540-89330-1_22},
 acmid = {1485368},
 publisher = {Springer-Verlag},
 address = {Berlin, Heidelberg},
} 

@InProceedings{chargueraud-13-pretty,
   author = "Arthur Chargu{\'e}raud",
   title = "Pretty-Big-Step Semantics",
   year = "2013",
   month = "March",
   booktitle = "Programming Languages and Systems",
   volume = "7792",
   series= "Lecture Notes in Computer Science",
   editor= "Felleisen, Matthias and Gardner, Philippa",
   publisher = "Springer Berlin Heidelberg",
   pages = "41-60"
}

@article{drossopoulou1998towards,
  title={Towards an operational semantics and proof of type soundness for Java},
  author={Drossopoulou, Sophia and Eisenbach, Susan},
  journal={Formal Syntax and Semantics of Java},
  volume={1523},
  year={1998},
  publisher={Citeseer}
}


@inproceedings{Bogdanas:2015,
 author = {Bogdanas, Denis and Ro\c{s}u, Grigore},
 title = {K-Java: A Complete Semantics of Java},
 booktitle = {Proceedings of the 42Nd Annual ACM SIGPLAN-SIGACT Symposium on Principles of Programming Languages},
 series = {POPL '15},
 year = {2015},
 isbn = {978-1-4503-3300-9},
 location = {Mumbai, India},
 pages = {445--456},
 numpages = {12},
 url = {http://doi.acm.org/10.1145/2676726.2676982},
 doi = {10.1145/2676726.2676982},
 acmid = {2676982},
 publisher = {ACM},
 address = {New York, NY, USA},
 keywords = {java, k framework, mechanized semantics},
} 

@Inbook{Necula2002,
author="Necula, George C.
and McPeak, Scott
and Rahul, Shree P.
and Weimer, Westley",
editor="Horspool, R. Nigel",
chapter="CIL: Intermediate Language and Tools for Analysis and Transformation of C Programs",
title="Compiler Construction: 11th International Conference, CC 2002 Held as Part of the Joint European Conferences on Theory and Practice of Software, ETAPS 2002 Grenoble, France, April 8--12, 2002 Proceedings",
year="2002",
publisher="Springer Berlin Heidelberg",
address="Berlin, Heidelberg",
pages="213--228",
isbn="978-3-540-45937-8",
doi="10.1007/3-540-45937-5_16",
url="http://dx.doi.org/10.1007/3-540-45937-5_16"
}

@misc{WALA,
  Author = {Dolby, Julian and Sridharan, Manu},
  Institution = {IBM T.J. Watson Research Center},
  Howpublished = {online},
  url = {http://wala.sourceforge.net/files/PLDI_WALA_Tutorial.pdf},
  Year = {2010},
  Title = {Static and Dynamic Program Analysis Using WALA}
}

@online{WALA2,
  title = {WALA - T.J. Watson Libraries for Analysis},
  url = {http://wala.sourceforge.net/wiki/index.php/Main_Page},
  urldate = {2015-06-14}
}

@article{Leroy-Compcert-CACM,
  author = {Xavier Leroy},
  title = {Formal verification of a realistic compiler},
  journal = {Communications of the ACM},
  year = 2009,
  volume = 52,
  number = 7,
  pages = {107--115},
  url = {http://gallium.inria.fr/~xleroy/publi/compcert-CACM.pdf},
  urlpublisher = {http://doi.acm.org/10.1145/1538788.1538814},
  hal = {http://hal.archives-ouvertes.fr/inria-00415861/},
  pubkind = {journal-int-mono},
  abstract = {This paper reports on the development and formal verification (proof
of semantic preservation) of CompCert, a compiler from Clight (a
large subset of the C programming language) to PowerPC assembly code,
using the Coq proof assistant both for programming the compiler and
for proving its correctness.  Such a verified compiler is useful in
the context of critical software and its formal verification: the
verification of the compiler guarantees that the safety properties
proved on the source code hold for the executable compiled code as
well.}
}

@InProceedings{unevalizer2012,
  author =       {Simon Holm Jensen and Peter A. Jonsson and Anders M\o{}ller},
  title =        {Remedying the Eval that Men Do},
  booktitle =    {Proc. 21st International Symposium on Software Testing and Analysis (ISSTA)},
  year =         {2012},
  month =        {July},
}

@misc{LectureBS,
  Author = {Rosu, Grigore},
  Institution = {University of Illinois at Urbana-Champaign},
  Howpublished = {University Lecture},
  url = {http://fsl.cs.illinois.edu/images/b/b3/CS522-Spring-2011-PL-book-bigstep.pdf},
  Year = {2011},
  Title = {Big-Step Structural Operational Semantics (Big-Step SOS)}
}